
@article{dossary,
  key          = {dossary},
  author       = {S. Al-Dossary and K. J. Marfurt},
  year         = 2006,
  title        = {3D volumetric multispectral estimates of reflector curvature and rotation},
  journal      = {Geophysics},
  volume       = 71,
  number       = 5,
  pages        = {41--51}
}


@inproceedings{dursun,
  added-at = {2009-10-30T00:00:00.000+0100},
  author = {Dursun, Hikmet and ichi Nomura, Ken and Wang, Weiqiang and Kunaseth, Manaschai and Peng, Liu and Seymour, Richard and Kalia, Rajiv K. and Nakano, Aiichiro and Vashishta, Priya},
  biburl = {http://www.bibsonomy.org/bibtex/2baade7590ac426538dd07641495956e3/dblp},
  key = {dursun},
  booktitle = {PDPTA},
  crossref = {conf/pdpta/2009},
  date = {2009-10-30},
  description = {dblp},
  editor = {Arabnia, Hamid R.},
  interhash = {aca6f9e0f1876c5ccdb04dee583983ba},
  intrahash = {baade7590ac426538dd07641495956e3},
  isbn = {1-60132-123-6},
  keywords = {dblp},
  pages = {533-538},
  publisher = {CSREA Press},
  timestamp = {2009-10-30T00:00:00.000+0100},
  title = {In-Core Optimization of High-Order Stencil Computations.},
  url = {http://dblp.uni-trier.de/db/conf/pdpta/pdpta2009.html\#DursunNWKPSKNV09},
  year = 2009
}


@misc{jeong,
    author = {Won-Ki Jeong and Ross Whitaker and Mark Dobin},
    key = {jeong},
    title = {Interactive 3D seismic fault detection on the Graphics Hardware},
    year = {2006}
}


@inproceedings{martins,
  key          = {martins},
  author       = {Leonardo de Oliveira Martins and Pedro M\'ario Cruz Silva and Marcelo Gattass},
  year         = 2012,
  title        = {A Method to Estimate Volumetric Curvature Attributes in 3D Seismic Data},
  booktitle    = {Proceedings of 74th EAGE Conference \& Exhibition incorporating SPE EUROPEC 2012},
  address      = {Copenhagen},
  note         = {paper E023}
}


@phdthesis{martinsthesis,
  key          = {martinsthesis},
  author       = {Leonardo de Oliveira Martins},
  year         = 2012,
  title        = {Estimativas de Atributos de Curvatura em Dados S\'ismicos},
  school       = {Department of Informatics, Pontifical Catholic University of Rio de Janeiro}
}


@inproceedings{micikevicius,
  added-at = {2009-03-24T00:00:00.000+0100},
  author = {Micikevicius, Paulius},
  biburl = {http://www.bibsonomy.org/bibtex/28f79838c35fda88c7354c7153de73c97/dblp},
  booktitle = {GPGPU},
  crossref = {conf/asplos/2009gpgpu},
  date = {2009-03-24},
  description = {dblp},
  editor = {Kaeli, David R. and Leeser, Miriam},
  ee = {http://doi.acm.org/10.1145/1513895.1513905},
  interhash = {55d8863b1d9ceaa2ea644d5cd6bff2c3},
  intrahash = {8f79838c35fda88c7354c7153de73c97},
  isbn = {978-1-60558-517-8},
  keywords = {dblp},
  pages = {79-84},
  publisher = {ACM},
  series = {ACM International Conference Proceeding Series},
  timestamp = {2009-03-24T00:00:00.000+0100},
  title = {3D finite difference computation on GPUs using CUDA.},
  url = {http://dblp.uni-trier.de/db/conf/asplos/gpgpu2009.html\#Micikevicius09},
  volume = 383,
  year = 2009
}



@inproceedings{panetta,
  added-at = {2008-05-07T00:00:00.000+0200},
  author = {Panetta, Jairo and de Souza Filho, Paulo R. P. and da Cunha Filho, Carlos A. and da Motta, Fernando M. Roxo and Pinheiro, Silvio Sinedino and Junior, Ivan Pedrosa and Rosa, Andre L. Romanelli and Monnerat, Luiz R. and Carneiro, Leandro T. and de Albrecht, Carlos H. B.},
  biburl = {http://www.bibsonomy.org/bibtex/2f43bae96df12ea40f4450ecd3278f66b/dblp},
  booktitle = {SBAC-PAD},
  crossref = {conf/sbac-pad/2007},
  date = {2008-05-07},
  description = {dblp},
  ee = {http://doi.ieeecomputersociety.org/10.1109/SBAC-PAD.2007.16},
  interhash = {f21aa184b93707d798e1d9ac8428258f},
  intrahash = {f43bae96df12ea40f4450ecd3278f66b},
  keywords = {dblp},
  pages = {11-18},
  publisher = {IEEE Computer Society},
  timestamp = {2008-05-07T00:00:00.000+0200},
  title = {Computational Characteristics of Production Seismic Migration and its Performance on Novel Processor Architectures.},
  url = {http://dblp.uni-trier.de/db/conf/sbac-pad/sbac-pad2007.html\#PanettaFFMPJRMCA07},
  year = 2007
}



@technicalreport{ruetsch,
  key          = {ruetsch},
  author       = {G. Ruetsch, P. Micikevicius},
  year         = 2009,
  title        = {Optimizing matrix transpose in CUDA},
  booktitle    = {NVIDIA Technical Report},  
  note         = {NVIDIA Technical Report}
}


@inproceedings{nguyen,
    author = {Anthony Nguyen and Nadathur Satish and Jatin Chhugani and Changkyu Kim and Pradeep Dubey},
    title = {3.5d blocking optimization for stencil computations on modern CPUs and GPUs},
    booktitle = {in Proc. of the 2010 ACM/IEEE Intâ€™l Conf. for High Performance Computing, Networking, Storage and Analysis, 2010},
    year = {},
    pages = {1--13}
}


@inproceedings{shaheen,
  added-at = {2012-09-11T00:00:00.000+0200},
  author = {Shaheen, Mohammed and Strzodka, Robert},
  biburl = {http://www.bibsonomy.org/bibtex/2583327dc044b0a4d234a5788da42f026/dblp},
  booktitle = {IPDPS},
  crossref = {conf/ipps/2012},
  ee = {http://doi.ieeecomputersociety.org/10.1109/IPDPS.2012.50},
  interhash = {22300f1b89787c37ab865174d11da168},
  intrahash = {583327dc044b0a4d234a5788da42f026},
  isbn = {978-1-4673-0975-2},
  keywords = {dblp},
  pages = {461-473},
  publisher = {IEEE Computer Society},
  timestamp = {2012-09-11T00:00:00.000+0200},
  title = {NUMA Aware Iterative Stencil Computations on Many-Core Systems.},
  url = {http://dblp.uni-trier.de/db/conf/ipps/ipdps2012.html\#ShaheenS12},
  year = 2012
}


@inproceedings{silva,
  key          = {silva},
  author       = {Pedro M\'ario Cruz Silva and Leonardo de Oliveira Martins and Marcelo Gattass},
  year         = 2012,
  title        = {Horizon Indicator Attributes and Applications},
  booktitle    = {SEG TEchnical Program Expanded Abstracts},
  pages = {1--6},
  address      = {Las Vegas}  
}


@inproceedings{zhang,
  key          = {zhang},
  author       = {Zhang},
  year         = 2012,
  title        = {Seismic Attributes Extraction Based on GPU},
  booktitle    = {Proceedings of 3rd International Conference on Computer and Electrical Engineering (IPCSIT)},
  volume = 53,
  pages = {1--6},
  address      = {Las Vegas}  
}

@misc{nvidia,
author = {NVIDIA},
title = {Tesla M-Class GPU Computing Modules},
url = {http://www.nvidia.com/docs/IO/105880/DS\_Tesla-M2090\_LR.pdf},
year = {2011}
}

@inproceedings{williams,
 author = {Williams, Samuel and Shalf, John and Oliker, Leonid and Kamil, Shoaib and Husbands, Parry and Yelick, Katherine},
 title = {The Potential of the Cell Processor for Scientific Computing},
 booktitle = {Proceedings of the 3rd Conference on Computing Frontiers},
 series = {CF '06},
 year = {2006},
 isbn = {1-59593-302-6},
 location = {Ischia, Italy},
 pages = {9--20},
 numpages = {12},
 url = {http://doi.acm.org/10.1145/1128022.1128027},
 doi = {10.1145/1128022.1128027},
 acmid = {1128027},
 publisher = {ACM},
 address = {New York, NY, USA},
 keywords = {FFT, GEMM, SpMV, cell processor, sparse matrix, stencil, three level memory},
} 

@misc{avx,
author = {Intel},
title = {AVX-512 instructions},
url = {https://software.intel.com/en-us/blogs/2013/avx-512-instructions},
year = {2013}
}

